<?xml version="1.0" encoding="UTF-8"?>
<record xmlns="http://www.loc.gov/MARC21/slim" xmlns:xsi="http://www.w3.org/2001/XMLSchema-instance" xsi:schemaLocation="http://www.loc.gov/MARC21/slim http://www.loc.gov/standards/marcxml/schema/MARC21slim.xsd">
<leader>     nam a2200421 a 4500</leader>
<controlfield tag="001">001627210</controlfield>
<controlfield tag="003">NNU</controlfield>
<controlfield tag="005">20061010170809.0</controlfield>
<controlfield tag="008">000609s1967    iq b    ab    001 0 ara d</controlfield>
<datafield tag="035" ind1="9" ind2=" ">
<subfield code="a">NYUb12153469</subfield>
</datafield>
<datafield tag="035" ind1=" " ind2=" ">
<subfield code="a">(CStRLIN)NYUG00-B1794</subfield>
</datafield>
<datafield tag="040" ind1=" " ind2=" ">
<subfield code="a">NjP</subfield>
<subfield code="c">NjP</subfield>
<subfield code="d">NNU</subfield>
</datafield>
<datafield tag="043" ind1=" " ind2=" ">
<subfield code="a">a-iq---</subfield>
<subfield code="a">a-tu---</subfield>
</datafield>
<datafield tag="050" ind1=" " ind2="4">
<subfield code="a">DS79.9.M6</subfield>
<subfield code="b">H87 1967</subfield>
</datafield>
<datafield tag="066" ind1=" " ind2=" ">
<subfield code="c">(3</subfield>
</datafield>
<datafield tag="090" ind1=" " ind2=" ">
<subfield code="a">DS79.9.M6</subfield>
<subfield code="b">H87 1967</subfield>
</datafield>
<datafield tag="100" ind1="1" ind2=" ">
<subfield code="a">Ḥusayn, Fāḍil</subfield>
<subfield code="6">880-01</subfield>
</datafield>
<datafield tag="245" ind1="1" ind2="0">
<subfield code="6">880-02</subfield>
<subfield code="a">Mushkilat al-Mawṣil :</subfield>
<subfield code="b">dirāsah fī al-diblūmāsīyah al-ʻIrāqīyah-al-Inkilīzīyah-al-Turkīyah wa-fī al-raʼy al-ʻāmm /</subfield>
<subfield code="c">taʼlīf Fāḍil Ḥusayn.</subfield>
</datafield>
<datafield tag="246" ind1="1" ind2="5">
<subfield code="a">Mosul problem</subfield>
</datafield>
<datafield tag="246" ind1="1" ind2="5">
<subfield code="a">Study in Anglo-Iraqi-Turkish diplomacy and public opinion</subfield>
</datafield>
<datafield tag="250" ind1=" " ind2=" ">
<subfield code="6">880-03</subfield>
<subfield code="a">al-Ṭabʻah 2., mazīdah wa-munaqqaḥah.</subfield>
</datafield>
<datafield tag="260" ind1=" " ind2=" ">
<subfield code="6">880-04</subfield>
<subfield code="a">Baghdād :</subfield>
<subfield code="b">Maṭbaʻat Asʻad,</subfield>
<subfield code="c">1967.</subfield>
</datafield>
<datafield tag="300" ind1=" " ind2=" ">
<subfield code="a">6, 339 p. :</subfield>
<subfield code="b">maps ;</subfield>
<subfield code="c">25 cm.</subfield>
</datafield>
<datafield tag="490" ind1="1" ind2=" ">
<subfield code="6">880-05</subfield>
<subfield code="a">Manshūrāt Dār al-Bayān ;</subfield>
<subfield code="v">41</subfield>
</datafield>
<datafield tag="500" ind1=" " ind2=" ">
<subfield code="a">"Sāʻadat Jāmiʻat Baghdād ʻalá nashr hādhā al-kitāb."</subfield>
</datafield>
<datafield tag="500" ind1=" " ind2=" ">
<subfield code="a">Originally presented as author's thesis (Ph.D.)--Indiana University, 1952.</subfield>
</datafield>
<datafield tag="504" ind1=" " ind2=" ">
<subfield code="a">Includes bibliographical references (p. 319-331) and indexes.</subfield>
</datafield>
<datafield tag="651" ind1=" " ind2="0">
<subfield code="a">Mosul (Iraq)</subfield>
<subfield code="x">History.</subfield>
</datafield>
<datafield tag="650" ind1=" " ind2="0">
<subfield code="a">World politics</subfield>
<subfield code="y">1919-1932.</subfield>
</datafield>
<datafield tag="651" ind1=" " ind2="0">
<subfield code="a">Iraq</subfield>
<subfield code="x">Boundaries</subfield>
<subfield code="z">Turkey.</subfield>
</datafield>
<datafield tag="651" ind1=" " ind2="0">
<subfield code="a">Turkey</subfield>
<subfield code="x">Boundaries</subfield>
<subfield code="z">Iraq.</subfield>
</datafield>
<datafield tag="880" ind1="1" ind2=" ">
<subfield code="6">100-01/</subfield>
<subfield code="a">حسين، فاضل.</subfield>
</datafield>
<datafield tag="880" ind1="1" ind2="0">
<subfield code="6">245-02/</subfield>
<subfield code="a">مشكلة الموصل :</subfield>
<subfield code="b">دراسة في الدبلوماسية العراق-الأنكليزية-التركية وفي الرأى العام /</subfield>
<subfield code="c">تأليف فاضل حسين.</subfield>
</datafield>
<datafield tag="880" ind1=" " ind2=" ">
<subfield code="6">250-03/</subfield>
<subfield code="a">الطبعة ٢.، مزيدة ومنقحة.</subfield>
</datafield>
<datafield tag="880" ind1=" " ind2=" ">
<subfield code="6">260-04/</subfield>
<subfield code="a">بغداد :</subfield>
<subfield code="b">مربعة أسعد،</subfield>
<subfield code="c">١٩٧٦.</subfield>
</datafield>
<datafield tag="880" ind1="1" ind2=" ">
<subfield code="6">490-05/</subfield>
<subfield code="a">منشورات دار البيان ؛</subfield>
<subfield code="v">٤١</subfield>
</datafield>
<datafield tag="830" ind1=" " ind2="0">
<subfield code="a">Manshūrāt Dār al-Bayān</subfield>
<subfield code="6">880-06</subfield>
<subfield code="v">41.</subfield>
</datafield>
<datafield tag="880" ind1=" " ind2="0">
<subfield code="6">830-06/</subfield>
<subfield code="a">منشورات دار البيان ؛</subfield>
<subfield code="v">٤١</subfield>
</datafield>
<datafield tag="OWN" ind1=" " ind2=" ">
<subfield code="a">GENERAL</subfield>
</datafield>
<datafield tag="998" ind1=" " ind2=" ">
<subfield code="a">20000609</subfield>
<subfield code="d">20000609</subfield>
<subfield code="d">20040521</subfield>
<subfield code="n">NNU</subfield>
<subfield code="s">1</subfield>
<subfield code="t">c</subfield>
<subfield code="z">p</subfield>
</datafield>
<datafield tag="AVA" ind1=" " ind2=" ">
<subfield code="a">NYU50</subfield>
<subfield code="b">BOBST</subfield>
<subfield code="c">Main Collection</subfield>
<subfield code="d">DS79.9.M6 H87 1967</subfield>
<subfield code="e">unavailable</subfield>
<subfield code="t">Unavailable</subfield>
<subfield code="f">1</subfield>
<subfield code="g">1</subfield>
<subfield code="h">N</subfield>
<subfield code="i">0</subfield>
<subfield code="j">MAIN</subfield>
<subfield code="k">0</subfield>
</datafield>
</record>
